<?xml version="1.0" encoding="UTF-8"?><collection xmlns="http://www.loc.gov/MARC21/slim"><record><leader>00618nam--2200193-i-4500</leader><controlfield tag="001">000029976</controlfield><controlfield tag="002">20161230</controlfield><controlfield tag="005">20161230201038</controlfield><controlfield tag="008">060222s1000------------r-----000-0-eng-d</controlfield><datafield ind1=" " ind2=" " tag="040"><subfield code="a">IFIN-HH</subfield></datafield><datafield ind1=" " ind2=" " tag="080"><subfield code="a">537:621.3:621.38</subfield></datafield><datafield ind1="1" ind2=" " tag="100"><subfield code="a">Popov,V.S</subfield></datafield><datafield ind1="1" ind2="0" tag="245"><subfield code="a">Basic electricity and electronics</subfield><subfield code="b">Translated from the russian by alexander kuznetsov</subfield><subfield code="c">V.s. popov; s.a. nikolaev</subfield></datafield><datafield ind1=" " ind2=" " tag="260"><subfield code="a">Moscow</subfield><subfield code="b">Mir Publishers</subfield><subfield code="c">1979</subfield></datafield><datafield ind1=" " ind2=" " tag="300"><subfield code="a">621P</subfield></datafield><datafield ind1=" " ind2=" " tag="500"><subfield code="a">Titlul Original In Limba Rusa: Obsaia Elektrotehnika S Osnovami Elektroniki</subfield></datafield><datafield ind1="1" ind2=" " tag="700"><subfield code="a">Nikolaev, S.A</subfield></datafield><datafield ind1=" " ind2=" " tag="852"><subfield code="a">48602</subfield><subfield code="c">537:538</subfield></datafield><datafield ind1=" " ind2=" " tag="CAT"><subfield code="a">Sys</subfield><subfield code="c">20110624</subfield><subfield code="h">100438</subfield></datafield></record></collection>